<record><leader>00000cas a2200000 a 4500</leader><controlfield tag="001">1640866</controlfield><controlfield tag="008">750920d19711975miuex ne      0   a0eng c</controlfield><datafield ind1=" " ind2=" " tag="010"><subfield code="a">sn 94023817 </subfield></datafield><datafield ind1=" " ind2=" " tag="040"><subfield code="a">MUL</subfield><subfield code="b">eng</subfield><subfield code="c">MUL</subfield><subfield code="d">OCL</subfield><subfield code="d">EYM</subfield><subfield code="d">CNW</subfield><subfield code="d">MHN</subfield><subfield code="d">CVF</subfield><subfield code="d">OCL</subfield><subfield code="d">NYS</subfield><subfield code="d">CUV</subfield><subfield code="d">OCLCQ</subfield><subfield code="d">OCLCF</subfield><subfield code="d">CUS</subfield></datafield><datafield ind1=" " ind2=" " tag="042"><subfield code="a">pcc</subfield></datafield><datafield ind1=" " ind2=" " tag="043"><subfield code="a">n-us-mi</subfield></datafield><datafield ind1=" " ind2="4" tag="050"><subfield code="a">F574.A6</subfield><subfield code="b">S96</subfield></datafield><datafield ind1="0" ind2=" " tag="130"><subfield code="a">Ann Arbor sun (Ann Arbor, Mich. : 1971)</subfield></datafield><datafield ind1="1" ind2="0" tag="245"><subfield code="a">Ann Arbor sun.</subfield></datafield><datafield ind1="3" ind2=" " tag="246"><subfield code="a">Sun</subfield></datafield><datafield ind1=" " ind2=" " tag="260"><subfield code="a">Ann Arbor, Mich. :</subfield><subfield code="b">Rainbow People's Party,</subfield><subfield code="c">1971-1975.</subfield></datafield><datafield ind1=" " ind2=" " tag="300"><subfield code="a">3 v. :</subfield><subfield code="b">ill. ;</subfield><subfield code="c">45 cm.</subfield></datafield><datafield ind1=" " ind2=" " tag="310"><subfield code="a">Biweekly,</subfield><subfield code="b">Dec. 20, 1974-July 4/18, 1975</subfield></datafield><datafield ind1=" " ind2=" " tag="321"><subfield code="a">Weekly,</subfield><subfield code="b">May-July 8, 1971</subfield></datafield><datafield ind1=" " ind2=" " tag="321"><subfield code="a">Biweekly,</subfield><subfield code="b">July 9, 1971-Sept. 4/20, 1974</subfield></datafield><datafield ind1=" " ind2=" " tag="321"><subfield code="a">Weekly,</subfield><subfield code="b">Sept. 20/27-Dec. 6/13, 1974</subfield></datafield><datafield ind1="0" ind2=" " tag="362"><subfield code="a">Issue no. 1 (Apr. 30-May 6, 1971)-v. 3, issue 14 (July 4-July 18, 1975).</subfield></datafield><datafield ind1=" " ind2=" " tag="515"><subfield code="a">Issues for 1971-1973 numbered issues 1-58; 1974-1975 numbered vol. 2, issue 1-v. 3, issue 14.</subfield></datafield><datafield ind1=" " ind2=" " tag="530"><subfield code="a">Available on microfilm from Bell &amp; Howell (Underground Newspaper/Press Collection).</subfield></datafield><datafield ind1=" " ind2=" " tag="550"><subfield code="a">Published Apr./May 1973-&lt;Sept. 1973&gt; by the People's Communications Committee of the Ann Arbor Tribal Council; &lt;Dec. 1974/Jan. 1975&gt;-July 1975 by Ann Arbor Sun, Inc.</subfield></datafield><datafield ind1=" " ind2="0" tag="650"><subfield code="a">Social change</subfield><subfield code="v">Newspapers.</subfield></datafield><datafield ind1=" " ind2="0" tag="650"><subfield code="a">Social problems</subfield><subfield code="v">Newspapers.</subfield></datafield><datafield ind1="2" ind2="0" tag="610"><subfield code="a">Rainbow People's Party</subfield><subfield code="v">Newspapers.</subfield></datafield><datafield ind1=" " ind2="0" tag="650"><subfield code="a">Underground press publications</subfield><subfield code="z">Michigan</subfield><subfield code="z">Ann Arbor.</subfield></datafield><datafield ind1=" " ind2="0" tag="651"><subfield code="a">Ann Arbor (Mich.)</subfield><subfield code="v">Newspapers.</subfield></datafield><datafield ind1=" " ind2="0" tag="651"><subfield code="a">Washtenaw County (Mich.)</subfield><subfield code="v">Newspapers.</subfield></datafield><datafield ind1="2" ind2="7" tag="610"><subfield code="a">Rainbow People's Party.</subfield><subfield code="2">fast</subfield><subfield code="0">(OCoLC)fst00745704</subfield></datafield><datafield ind1=" " ind2="7" tag="650"><subfield code="a">Social change.</subfield><subfield code="2">fast</subfield><subfield code="0">(OCoLC)fst01122310</subfield></datafield><datafield ind1=" " ind2="7" tag="650"><subfield code="a">Social problems.</subfield><subfield code="2">fast</subfield><subfield code="0">(OCoLC)fst01122778</subfield></datafield><datafield ind1=" " ind2="7" tag="650"><subfield code="a">Underground press publications.</subfield><subfield code="2">fast</subfield><subfield code="0">(OCoLC)fst01160984</subfield></datafield><datafield ind1=" " ind2="7" tag="651"><subfield code="a">Michigan</subfield><subfield code="z">Ann Arbor.</subfield><subfield code="2">fast</subfield><subfield code="0">(OCoLC)fst01204587</subfield></datafield><datafield ind1=" " ind2="7" tag="651"><subfield code="a">Michigan</subfield><subfield code="z">Washtenaw County.</subfield><subfield code="2">fast</subfield><subfield code="0">(OCoLC)fst01214739</subfield></datafield><datafield ind1=" " ind2="7" tag="655"><subfield code="a">Newspapers.</subfield><subfield code="2">fast</subfield><subfield code="0">(OCoLC)fst01423814</subfield></datafield><datafield ind1="2" ind2=" " tag="710"><subfield code="a">Rainbow People's Party.</subfield></datafield><datafield ind1=" " ind2=" " tag="752"><subfield code="a">United States</subfield><subfield code="b">Michigan</subfield><subfield code="c">Washtenaw</subfield><subfield code="d">Ann Arbor.</subfield></datafield><datafield ind1="0" ind2="8" tag="776"><subfield code="i">Online version:</subfield><subfield code="t">Ann Arbor sun</subfield><subfield code="w">(OCoLC)800417762</subfield></datafield><datafield ind1="0" ind2=" " tag="776"><subfield code="c">Microfilm</subfield><subfield code="d">UMI</subfield><subfield code="k">Underground newspaper collection</subfield><subfield code="k">Underground press collection</subfield><subfield code="w">(OCoLC)42314864</subfield></datafield><datafield ind1="0" ind2="0" tag="780"><subfield code="t">Sun/dance (White Panther Party)</subfield><subfield code="w">(DLC)sn 94023816</subfield><subfield code="w">(OCoLC)4998716</subfield></datafield><datafield ind1="0" ind2="0" tag="785"><subfield code="t">Sun (Ann Arbor, Mich. : 1975)</subfield><subfield code="w">(DLC)sn 94023818</subfield><subfield code="w">(OCoLC)1715766</subfield></datafield><datafield ind1="4" ind2="1" tag="856"><subfield code="u">http://voices.revealdigital.com/cgi-bin/independentvoices?a=cl&amp;cl=CL1&amp;sp=BGEAIGG&amp;ai=1</subfield></datafield><datafield ind1=" " ind2=" " tag="850"><subfield code="a">MiU</subfield></datafield><datafield ind1="1" ind2=" " tag="029"><subfield code="a">AU@</subfield><subfield code="b">000011357070</subfield></datafield></record>